@article{matmul-strategies,
    Author = {Rafael Sousa and Marcio Pereira and Yongin Kwon and Taeho Kim and Namsoon Jung and Chang Soo Kim and Michael Frank and Guido Araujo},
    Title = {Tensor Slicing and Optimization for Multicore NPUs},
    Year = {2023},
    Eprint = {arXiv:2304.03013},
    Howpublished = {Journal of Parallel and Distributed Computing Journal of Parallel
    and Distributed Computing, Volume 175, May 2023, Pages 66-79},
    Doi = {10.1016/j.jpdc.2022.12.008},
    langid = "english",
    journal = "arXiv"
}

@incollection{ascend,
    author    = "Xiaoyao Liang",
    title     = "Ascend {AI} Processor Architecture and Programming",
    booktitle = "Principles and Applications of CANN",
    publisher = "Elsevier",
    year      =  2020,
    langid = "english"
}

@manual{mlir-doc,
    title = "Документация к LLVM MLIR",
    note = "\url{https://mlir.llvm.org/docs/}",
    year = 2024,
    langid = "english"
}

@misc{mlir-article1,
Author = {Chris Lattner and Mehdi Amini and Uday Bondhugula and Albert Cohen and Andy Davis and Jacques Pienaar and River Riddle and Tatiana Shpeisman and Nicolas Vasilache and Oleksandr Zinenko},
Title = {MLIR: A Compiler Infrastructure for the End of Moore's Law},
Year = {2020},
Eprint = {arXiv:2002.11054},
}

@misc{mlir-article2,
Author = {Nicolas Vasilache and Oleksandr Zinenko and Aart J. C. Bik and Mahesh Ravishankar and Thomas Raoux and Alexander Belyaev and Matthias Springer and Tobias Gysi and Diego Caballero and Stephan Herhut and Stella Laurenzo and Albert Cohen},
Title = {Composable and Modular Code Generation in MLIR: A Structured and Retargetable Approach to Tensor Compiler Construction},
Year = {2022},
Eprint = {arXiv:2202.03293},
}

@misc{mlir-article3,
Author = {Mingzhen Li and Yi Liu and Xiaoyan Liu and Qingxiao Sun and Xin You and Hailong Yang and Zhongzhi Luan and Lin Gan and Guangwen Yang and Depei Qian},
Title = {The Deep Learning Compiler: A Comprehensive Survey},
Year = {2020},
Eprint = {arXiv:2002.03794},
Howpublished = {IEEE Transactions on Parallel and Distributed Systems, vol. 32, no.
  03, pp. 708-727, 2021},
Doi = {10.1109/TPDS.2020.3030548},
}

@manual{pytorch,
    title = "Документация к PyTorch",
    note = "\url{https://pytorch.org/docs/stable/index.html}",
    year = 2024,
    langid = "english"
}

@manual{tensorflow,
    title = "Документация к TensorFlow",
    note = "\url{https://www.tensorflow.org/api_docs}",
    year = 2024,
    langid = "english"
}

@manual{onnx,
    title = "Документация к ONNX",
    note = "\url{https://onnx.ai/onnx/index.html}",
    year = 2024,
    langid = "english"
}

@manual{tosa,
    title = "Спецификация TOSA",
    note = "\url{https://www.mlplatform.org/tosa/tosa_spec.html}",
    year = 2024,
    langid = "english"
}

@manual{stablehlo,
    title = "Спецификация Stable HLO",
    note = "\url{https://openxla.org/stablehlo/spec}",
    year = 2024,
    langid = "english"
}

@manual{xla,
    title = "Документация к XLA",
    note = "\url{https://openxla.org/xla}",
    year = 2024,
    langid = "english"
}

@manual{mindspore,
    title = "Документация к MindSpore",
    note = "\url{https://gitee.com/mindspore/docs}",
    year = 2024,
    langid = "english"
}

@manual{onnx-runtime,
    title = "Документация к ONNX Runtime",
    note = "\url{https://onnxruntime.ai/docs/}",
    year = 2024,
    langid = "english"
}

@manual{tvm,
    title = "Документация к TVM",
    note = "\url{https://tvm.apache.org/docs/}",
    year = 2024,
    langid = "english"
}

@manual{halide,
    title = "Документация к Halide",
    note = "\url{https://halide-lang.org/}",
    year = 2024,
    langid = "english"
}

@manual{polly,
    title = "Документация к Polly",
    note = "\url{https://polly.llvm.org/docs/}",
    year = 2024,
    langid = "english"
}

@manual{akg,
    title = "Репозиторий AKG",
    note = "\url{https://gitee.com/mindspore/akg}",
    year = 2024,
    langid = "english"
}

@misc{intel,
    Title = {Intel 64 and IA-32 Architectures Software Developer's Manual},
    note = "\url{https://www.intel.com/content/www/us/en/content-details/819723/intel-64-and-ia-32-architectures-software-developer-s-manual-combined-volumes-1-2a-2b-2c-2d-3a-3b-3c-3d-and-4.html}",
    year = 2024,
    langid = "english"
}

@misc{arm,
    Title = {Arm A-profile A64 Instruction Set Architecture},
    note = "\url{https://developer.arm.com/documentation/ddi0602/latest/}",
    year = 2024,
    langid = "english"
}

@manual{cuda,
    title = "Документация к Nvidia CUDA",
    note = "\url{https://docs.nvidia.com/cuda/doc/index.html}",
    year = 2024,
    langid = "english"
}

@manual{rocm,
    title = "Документация к AMD ROCm",
    note = "\url{https://rocm.docs.amd.com/en/latest/}",
    year = 2024,
    langid = "english"
}
